@book{httpsOreillyBook,
    author  = {Kim Topley},
    title   = {Java Web Services in a Nutshell},
    publisher = {O'Reilly},
    year    = {2003},
    pages   = {153-158},
}
 
@misc{hgb,
	title  = {{Computational Intelligence and Optimization An Introduction}},
	author = {{Hans-Georg Beyer}},
}

@INBOOK{restBook,
	author  = {{Hans-Georg Beyer}},
	title  = {{Computational Intelligence and Optimization An Introduction}},
	pages  = {{247}},
}

@misc{restSoapGalileo,
  title  = {{Galileo Computing - SOAP und RESTful}},
  
  howpublished = "\url{http://openbook.galileocomputing.de/java7/1507_13_001.html}",
  note = "[Online; abgerufen am 02-September-2013]"
}
@misc{dmx,
  title  = {{Mikrocontroller.com - DMX-512}},
  
  howpublished = "\url{http://mc.mikrocontroller.com/de/dmx512.php}",
  note = "[Online; abgerufen am 31-Juli-2015]"
}

@manual{ARM:TRM,
    organization  = "Texas Instruments",
    title         = "AM335x ARM Cortex-A8 Microprocessors (MPUs) Technical Reference Manual",
    number        = "SPRUH73H",
    year          =  2011,
    month         =  October,    
    note          = "Revised April 2013"
}

@manual{ARM:ARM,
    organization  = "ARM Limited",
    title         = "ARM Architecture Reference Manual ARMv7-A and ARMv7-R edition",
    number        = "ID072512",
    year          =  2012,
    month         =  July,    
    note          = "ARM DDI 0406C.b"
}